@inproceedings{WinterEtAlTorPaper2018,
author = {Philipp Winter and Anne Edmundson and Laura M. Roberts and Agnieszka Dutkowska-{\.Z}uk and Marshini Chetty and Nick Feamster},
title = {How Do Tor Users Interact With Onion Services?},
booktitle = {27th {USENIX} Security Symposium ({USENIX} Security 18)},
year = {2018},
isbn = {978-1-931971-46-1},
address = {Baltimore, MD},
pages = {411--428},
url = {https://www.usenix.org/conference/usenixsecurity18/presentation/winter},
publisher = {{USENIX} Association},
}

@article{Acquisti,
  title={Privacy and rationality in individual decision making},
  author={Acquisti, Alessandro and Grossklags, Jens},
  journal={IEEE security \& privacy},
  volume={3},
  number={1},
  pages={26--33},
  year={2005},
  publisher={IEEE}
}

@inproceedings{Arabo,
  title={Privacy in the age of mobility and smart devices in smart homes},
  author={Arabo, Abdullahi and Brown, Ian and El-Moussa, Fadi},
  booktitle={Privacy, Security, Risk and Trust (PASSAT), 2012 International Conference on and 2012 International Confernece on Social Computing (SocialCom)},
  pages={819--826},
  year={2012},
  organization={IEEE}
}

@article{Apthorpe,
  title={A smart home is no castle: privacy vulnerabilities of encrypted IoT traffic},
  author={Apthorpe, Noah and Reisman, Dillon and Feamster, Nick},
  journal={Workshop on Data and Algorithmic Transparency},
  year={2016}
}

@article{Apthorpe-CI,
  title={Discovering Smart Home Internet of Things Privacy Norms Using Contextual Integrity},
  author={Apthorpe, Noah and Shvartzshnaider, Yan and Mathur, Arunesh and Reisman, Dillon and Feamster, Nick},
  journal={Proceedings of the ACM on
Interactive, Mobile, Wearable and Ubiquitous Technologies},
  year={2018},
}

@article{Ausloos,
  title={Guidelines for privacy-friendly default settings},
  author={Ausloos, Jef and Kindt, Els and Lievens, Eva and Valcke, Peggy and Dumortier, Jos},
  year={2013},
  journal={ICRI Research Paper No. 12|2013}
}

@inproceedings{Nissenbaum,
  title={Privacy and contextual integrity: Framework and applications},
  author={Barth, Adam and Datta, Anupam and Mitchell, John C and Nissenbaum, Helen},
  booktitle={Security and Privacy, 2006 IEEE Symposium on},
  pages={15--pp},
  year={2006},
  organization={IEEE}
}

@techreport{BITAG,
    author={Broadband Internet Technical Advisory Group},
    year={2016},
    title={Internet of Things (IoT) Security and Privacy Recommendations},
    howpublished={\url{https://www.bitag.org/documents/BITAG_Report_-_Internet_of_Things_(IoT)_Security_and_Privacy_Recommendations.pdf}}
}

@inproceedings{Brush,
  title={Home automation in the wild: challenges and opportunities},
  author={Brush, AJ and Lee, Bongshin and Mahajan, Ratul and Agarwal, Sharad and Saroiu, Stefan and Dixon, Colin},
  booktitle={proceedings of the SIGCHI Conference on Human Factors in Computing Systems},
  pages={2115--2124},
  year={2011},
  organization={ACM}
}

@inproceedings{Bugeja,
  title={On Privacy and Security Challenges in Smart Connected Homes},
  author={Bugeja, Joseph and Jacobsson, Andreas and Davidsson, Paul},
  booktitle={Intelligence and Security Informatics Conference (EISIC), 2016 European},
  pages={172--175},
  year={2016},
  organization={IEEE}
}

@inproceedings{Carminati,
  title={Enhancing user control on personal data usage in internet of things ecosystems},
  author={Carminati, Barbara and Colombo, Pietro and Ferrari, Elena and Sagirlar, Gokhan},
  booktitle={Services Computing (SCC), 2016 IEEE International Conference on},
  pages={291--298},
  year={2016},
  organization={IEEE}
}

@book{Chambers,
  title={A sociology of family life},
  author={Chambers, Deborah},
  year={2012},
  publisher={Polity}
}

@misc{Consumers,
  title={Testing our trust: consumers and the Internet of Things 2017 review},
  author={Consumers International},
  year={2017},
  organization={Consumers International},
  howpublished={\url{https://www.consumersinternational.org/media/154746/iot2017review-2nded.pdf}}
}

@inproceedings{Chetty,
  title={How smart homes learn: The evolution of the networked home and household},
  author={Chetty, Marshini and Sung, Ja-Young and Grinter, Rebecca E},
  booktitle={International Conference on Ubiquitous Computing},
  pages={127--144},
  year={2007},
  organization={Springer}
}

@inproceedings{Choe,
  title={Living in a glass house: a survey of private moments in the home},
  author={Choe, Eun Kyoung and Consolvo, Sunny and Jung, Jaeyeon and Harrison, Beverly and Kientz, Julie A},
  booktitle={Proceedings of the 13th international conference on Ubiquitous computing},
  pages={41--44},
  year={2011},
  organization={ACM}
}

@inproceedings{Conti,
  title={Mind The Plug! Laptop-User Recognition Through Power Consumption},
  author={Conti, Mauro and Nati, Michele and Rotundo, Enrico and Spolaor, Riccardo},
  booktitle={Proceedings of the 2nd ACM International Workshop on IoT Privacy, Trust, and Security},
  pages={37--44},
  year={2016},
  organization={ACM}
}

@article{Cranor,
  title={A framework for reasoning about the human in the loop.},
  author={Cranor, Lorrie Faith},
  journal={UPSEC},
  volume={8},
  number={2008},
  pages={1--15},
  year={2008}
}

@article{Demiris,
  title={Senior residents' perceived need of and preferences for ``smart home'' sensor technologies},
  author={Demiris, George and Hensel, Brian K and Skubic, Marjorie and Rantz, Marilyn},
  journal={International journal of technology assessment in health care},
  volume={24},
  number={1},
  pages={120--124},
  year={2008},
  publisher={Cambridge University Press}
}

@article{Dencik,
  title={The advent of surveillance realism: Public opinion and activist responses to the Snowden leaks},
  author={Dencik, Lina and Cable, Jonathan},
  journal={International Journal of Communication},
  volume={11},
  pages={763--781},
  year={2017},
  publisher={University of Southern California, Annenberg School for Communication \& Journalism}
}

@inproceedings{Egelman,
  title={You've been warned: an empirical study of the effectiveness of web browser phishing warnings},
  author={Egelman, Serge and Cranor, Lorrie Faith and Hong, Jason},
  booktitle={Proceedings of the SIGCHI Conference on Human Factors in Computing Systems},
  pages={1065--1074},
  year={2008},
  organization={ACM}
}

@techreport{Egelman-Trust,
  title={Trust me: Design patterns for constructing trustworthy trust indicators},
  author={Egelman, Serge},
  year={2009},
  institution={Carnegie-Mellon University School of Computer Science}
}

@inproceedings{Emami-Naeini,
  title={Privacy Expectations and Preferences in an IoT World},
  author={Naeini, Pardis Emami and Bhagavatula, Sruti and Habib, Hana and Degeling, Martin and Bauer, Lujo and Cranor, Lorrie and Sadeh, Norman},
  booktitle={Symposium on Usable Privacy and Security (SOUPS)},
  year={2017}
}

@article{Goulden,
  title={Living with interpersonal data: observability and accountability in the age of pervasive ICT},
  author={Goulden, Murray and Tolmie, Peter and Mortier, Richard and Lodge, Tom and Pietilainen, Anna-Kaisa and Teixeira, Renata},
  journal={New Media \& Society},
  volume={20},
  number={4},
  pages={1580--1599},
  year={2018},
  publisher={SAGE Publications Sage UK: London, England}
}

@article{Greenwald,
  title={NSA Prism program taps into user data of Apple, Google and others},
  author={Greenwald, Glenn and MacAskill, Ewen},
  journal={The Guardian},
  volume={7},
  number={6},
  pages={1--43},
  year={2013}
}


@article{Greenwald-phone,
  title={NSA collecting phone records of millions of Verizon customers daily},
  author={Greenwald, Glenn},
  journal={The Guardian},
  volume={6},
  number={06},
  pages={2013},
  year={2013}
}
@inproceedings{Jacobsson,
  title={Towards a model of privacy and security for smart homes},
  author={Jacobsson, Andreas and Davidsson, Paul},
  booktitle={Internet of Things (WF-IoT), 2015 IEEE 2nd World Forum on},
  pages={727--732},
  year={2015},
  organization={IEEE}
}

@article{Jung,
  title={The influence of perceived ad relevance on social media advertising: An empirical examination of a mediating role of privacy concern},
  author={Jung, A-Reum},
  journal={Computers in Human Behavior},
  volume={70},
  pages={303--309},
  year={2017},
  publisher={Elsevier}
}

@inproceedings{Kang,
  title={``My data just goes everywhere:'' user mental models of the internet and implications for privacy and security},
  author={Kang, Ruogu and Dabbish, Laura and Fruchter, Nathaniel and Kiesler, Sara},
  booktitle={Symposium on Usable Privacy and Security (SOUPS)},
  pages={39--52},
  year={2015},
  organization={USENIX Association Berkeley, CA}
}

@article{Knoll,
  title={Advertising in social media: a review of empirical evidence},
  author={Knoll, Johannes},
  journal={International Journal of Advertising},
  volume={35},
  number={2},
  pages={266--300},
  year={2016},
  publisher={Taylor \& Francis}
}

@inproceedings{Lee,
  title={Understanding user privacy in Internet of Things environments},
  author={Lee, Hosub and Kobsa, Alfred},
  booktitle={2016 IEEE 3rd World Forum on Internet of Things (WF-IoT)},
  pages={407--412},
  year={2016},
  organization={IEEE}
}

@inproceedings{Lin,
  title={Modeling users' mobile app privacy preferences: Restoring usability in a sea of permission settings},
  author={Lin, Jialiu and Liu, Bin and Sadeh, Norman and Hong, Jason I},
  year={2014},
  booktitle={Symposium on Usable Privacy and Security (SOUPS)}
}

@inproceedings{Machuletz,
  title={Users protect their privacy if they can: Determinants of webcam covering behavior},
  author={Machuletz, Dominique and Sendt, Henrik and Laube, Stefan and B{\"o}hme, Rainer},
  booktitle={Proceedings of the European Workshop on Usable Security (EuroUSEC'16). Internet Society, Reston, VA, USA},
  year={2016}
}

@inproceedings{Madejski,
  title={A study of privacy settings errors in an online social network},
  author={Madejski, Michelle and Johnson, Maritza and Bellovin, Steven M},
  booktitle={Pervasive Computing and Communications Workshops (PERCOM Workshops), 2012 IEEE International Conference on},
  pages={340--345},
  year={2012},
  organization={IEEE}
}

@article{Martin,
  title={Measuring privacy: an empirical test using context to expose confounding variables},
  author={Martin, Kirsten and Nissenbaum, Helen},
  journal={Colum. Sci. \& Tech. L. Rev.},
  volume={18},
  pages={176},
  year={2016},
  publisher={HeinOnline}
}

@article{Martin-Kelly,
  title={The role of data privacy in marketing},
  author={Martin, Kelly D and Murphy, Patrick E},
  journal={Journal of the Academy of Marketing Science},
  volume={45},
  number={2},
  pages={135--155},
  year={2017},
  publisher={Springer}
}

@inproceedings{Mayer,
  title={A magic lens for revealing device interactions in smart environments},
  author={Mayer, Simon and Hassan, Yassin N and S{\"o}r{\"o}s, G{\'a}bor},
  booktitle={SIGGRAPH Asia 2014 Mobile Graphics and Interactive Applications},
  pages={9},
  year={2014},
  organization={ACM}
}

@inproceedings{Mazurek,
  title={Access control for home data sharing: Attitudes, needs and practices},
  author={Mazurek, Michelle L and Arsenault, JP and Bresee, Joanna and Gupta, Nitin and Ion, Iulia and Johns, Christina and Lee, Daniel and Liang, Yuan and Olsen, Jenny and Salmon, Brandon and others},
  booktitle={Proceedings of the SIGCHI Conference on Human Factors in Computing Systems},
  pages={645--654},
  year={2010},
  organization={ACM}
}

@inproceedings{McCreary,
  title={The contextual complexity of privacy in smart homes and smart buildings},
  author={McCreary, Faith and Zafiroglu, Alexandra and Patterson, Heather},
  booktitle={International Conference on HCI in Business, Government and Organizations},
  pages={67--78},
  year={2016},
  organization={Springer}
}

@inproceedings{McReynolds,
  title={Toys that listen: A study of parents, children, and internet-connected toys},
  author={McReynolds, Emily and Hubbard, Sarah and Lau, Timothy and Saraf, Aditya and Cakmak, Maya and Roesner, Franziska},
  booktitle={Proceedings of the 2017 CHI Conference on Human Factors in Computing Systems},
  pages={5197--5207},
  year={2017},
  organization={ACM}
}

@inproceedings{Molina-Markham,
  title={Private memoirs of a smart meter},
  author={Molina-Markham, Andr{\'e}s and Shenoy, Prashant and Fu, Kevin and Cecchet, Emmanuel and Irwin, David},
  booktitle={Proceedings of the 2nd ACM workshop on embedded sensing systems for energy-efficiency in building},
  pages={61--66},
  year={2010},
  organization={ACM}
}

@article{NYT,
    title={Thermostats, Locks and Lights: Digital Tools of Domestic Abuse},
    author={Bowles, Nellie},
    journal={The New York Times},
    month={June},
    year={2018},
    day={23},
    howpublished={\url{https://www.nytimes.com/2018/06/23/technology/smart-home-devices-domestic-abuse.html}}
}

@article{NYT-Cal,
    title={California Passes Sweeping Law to Protect Online Privacy},
    author={Wakabayashi, Daisuke},
    journal={The New York Times},
    month={June},
    year={2018},
    day={28},
    howpublished={\url{https://www.nytimes.com/2018/06/28/technology/california-online-privacy-law.html}}
}

@inproceedings{Obermaier,
  title={Analyzing the security and privacy of cloud-based video surveillance systems},
  author={Obermaier, Johannes and Hutle, Martin},
  booktitle={Proceedings of the 2nd ACM International Workshop on IoT Privacy, Trust, and Security},
  pages={22--28},
  year={2016},
  organization={ACM}
}

@article{Ouaddah,
  title={Access control in the Internet of things: big challenges and new opportunities},
  author={Ouaddah, Aafaf and Mousannif, Hajar and Elkalam, Anas Abou and Ouahman, Abdellah Ait},
  journal={Computer Networks},
  volume={112},
  pages={237--262},
  year={2017},
  publisher={Elsevier}
}

@inproceedings{Perera,
  title={Privacy-by-Design Framework for Assessing Internet of Things Applications and Platforms},
  author={Perera, Charith and McCormick, Ciaran and Bandara, Arosha K and Price, Blaine A and Nuseibeh, Bashar},
  booktitle={Proceedings of the 6th International Conference on the Internet of Things},
  pages={83--92},
  year={2016},
  organization={ACM}
}

@inproceedings{Portnoff,
  title={Somebody's watching me?: Assessing the effectiveness of webcam indicator lights},
  author={Portnoff, Rebecca S and Lee, Linda N and Egelman, Serge and Mishra, Pratyush and Leung, Derek and Wagner, David},
  booktitle={Proceedings of the 33rd Annual ACM Conference on Human Factors in Computing Systems},
  pages={1649--1658},
  year={2015},
  organization={ACM}
}

@inproceedings{Regal,
  title={Insights into Internet Privacy for Visually Impaired and Blind People},
  author={Regal, Georg and Mattheiss, Elke and Busch, Marc and Tscheligi, Manfred},
  booktitle={International Conference on Computers Helping People with Special Needs},
  pages={231--238},
  year={2016},
  organization={Springer}
}

@book{Rogers,
  title={Diffusion of innovations},
  author={Rogers, Everett M},
  year={2010},
  publisher={Simon and Schuster}
}

@article{Schumann,
  title={Targeted online advertising: Using reciprocity appeals to increase acceptance among users of free web services},
  author={Schumann, Jan H and von Wangenheim, Florian and Groene, Nicole},
  journal={Journal of Marketing},
  volume={78},
  number={1},
  pages={59--75},
  year={2014},
  publisher={American Marketing Association}
}

@book{Seidman,
  title={Interviewing as qualitative research: A guide for researchers in education and the social sciences},
  author={Seidman, Irving},
  year={2013},
  publisher={Teachers college press}
}

@inproceedings{Shi,
  title={Informing security indicator design in web browsers},
  author={Shi, Pan and Xu, Heng and Zhang, Xiaolong Luke},
  booktitle={Proceedings of the 2011 iConference},
  pages={569--575},
  year={2011},
  organization={ACM}
}

@inproceedings{Simpson,
  title={Securing vulnerable home IoT devices with an in-hub security manager},
  author={Simpson, Anna Kornfeld and Roesner, Franziska and Kohno, Tadayoshi},
  booktitle={Pervasive Computing and Communications Workshops (PerCom Workshops), 2017 IEEE International Conference on},
  pages={551--556},
  year={2017},
  organization={IEEE}
}

@inproceedings{Sivaraman,
  title={Network-level security and privacy control for smart-home IoT devices},
  author={Sivaraman, Vijay and Gharakheili, Hassan Habibi and Vishwanath, Arun and Boreli, Roksana and Mehani, Olivier},
  booktitle={Wireless and Mobile Computing, Networking and Communications (WiMob), 2015 IEEE 11th International Conference on},
  pages={163--167},
  year={2015},
  organization={IEEE}
}

@inproceedings{Srinivasan,
  title={Protecting your daily in-home activity information from a wireless snooping attack},
  author={Srinivasan, Vijay and Stankovic, John and Whitehouse, Kamin},
  booktitle={Proceedings of the 10th international conference on Ubiquitous computing},
  pages={202--211},
  year={2008},
  organization={ACM}
}

@book{Straus,
  title={Behind closed doors: Violence in the American family},
  author={Straus, Murray A and Gelles, Richard J and Steinmetz, Suzanne K},
  year={2017},
  publisher={Routledge}
}

@inproceedings{Tolmie,
  title={``This has to be the cats'': Personal Data Legibility in Networked Sensing Systems},
  author={Tolmie, Peter and Crabtree, Andy and Rodden, Tom and Colley, James and Luger, Ewa},
  booktitle={Proceedings of the 19th ACM Conference on Computer-Supported Cooperative Work \& Social Computing},
  pages={491--502},
  year={2016},
  organization={ACM}
}

@inproceedings{Townsend,
  title={Privacy versus autonomy: a tradeoff model for smart home monitoring technologies},
  author={Townsend, Daphne and Knoefel, Frank and Goubran, Rafik},
  booktitle={Engineering in Medicine and Biology Society, EMBC, 2011 Annual International Conference of the IEEE},
  pages={4749--4752},
  year={2011},
  organization={IEEE}
}
  
  @article{Tucker,
  title={Social networks, personalized advertising, and privacy controls},
  author={Tucker, Catherine E},
  journal={Journal of Marketing Research},
  volume={51},
  number={5},
  pages={546--562},
  year={2014},
  publisher={American Marketing Association}
}

@article{Turow,
  title={Divided We Feel: Partisan Politics Drive American's Emotions Regarding Surveillance of Low-Income Populations},
  author={Turow, Joseph and Hennessy, Michael and Draper, Nora and Akanbi, Ope and Virgilio, Diami},
  year={2018}
}

@inproceedings{Udoh,
  title={Privacy risk awareness and the behavior of smartwatch users: A case study of Indiana University students},
  author={Udoh, Emmanuel Sebastian and Alkharashi, Abdulwahab},
  booktitle={Future Technologies Conference (FTC)},
  pages={926--931},
  year={2016},
  organization={IEEE}
}

@inproceedings{Nurse,
  title={The perfect storm: The privacy paradox and the Internet-of-Things},
  author={Williams, Meredydd and Nurse, Jason RC and Creese, Sadie},
  booktitle={Availability, Reliability and Security (ARES), 2016 11th International Conference on},
  pages={644--652},
  year={2016},
  organization={IEEE}
}

@article{Wang,
  title={June 10. Beware trading privacy for convenience},
  author={Wang, R},
  journal={Harvard Business Review},
  howpublished={\url{http://blogs.hbr.org/2013/06/beware-tradingprivacy-for-con}},
  year={2013}
}

@inproceedings{Woo,
  title={User experience in do-it-yourself-style smart homes},
  author={Woo, Jong-bum and Lim, Youn-kyung},
  booktitle={Proceedings of the 2015 ACM international joint conference on pervasive and ubiquitous computing},
  pages={779--790},
  year={2015},
  organization={ACM}
}

@inproceedings{Woodruff,
  title={Sabbath day home automation: it's like mixing technology and religion},
  author={Woodruff, Allison and Augustin, Sally and Foucault, Brooke},
  booktitle={Proceedings of the SIGCHI conference on Human factors in computing systems},
  pages={527--536},
  year={2007},
  organization={ACM}
}

@inproceedings{Worthy,
  title={Trust me: doubts and concerns living with the internet of things},
  author={Worthy, Peter and Matthews, Ben and Viller, Stephen},
  booktitle={Proceedings of the 2016 ACM Conference on Designing Interactive Systems},
  pages={427--434},
  year={2016},
  organization={ACM}
}

@inproceedings{Wu,
  title={Privacy protection via appliance scheduling in smart homes},
  author={Wu, Jie and Liu, Jinglan and Hu, Xiaobo Sharon and Shi, Yiyu},
  booktitle={Computer-Aided Design (ICCAD), 2016 IEEE/ACM International Conference on},
  pages={1--6},
  year={2016},
  organization={IEEE}
}

@inproceedings{Yang,
  title={Learning from a learning thermostat: lessons for intelligent systems for the home},
  author={Yang, Rayoung and Newman, Mark W},
  booktitle={Proceedings of the 2013 ACM international joint conference on Pervasive and ubiquitous computing},
  pages={93--102},
  year={2013},
  organization={ACM}
}

@inproceedings{Zeng,
  title={End user security \& privacy concerns with smart homes},
  author={Zeng, Eric and Mare, Shrirang and Roesner, Franziska},
  booktitle={Symposium on Usable Privacy and Security (SOUPS)},
  year={2017}
}

@article{Zhu,
  title={The key role of relevance in personalized advertisement: Examining its impact on perceptions of privacy invasion, self-awareness, and continuous use intentions},
  author={Zhu, Yu-Qian and Chang, Jung-Hua},
  journal={Computers in Human Behavior},
  volume={65},
  pages={442--447},
  year={2016},
  publisher={Elsevier}
}